
  @Manual{Texevier,
    title = {{Texevier}: {P}ackage to create Elsevier templates for Rmarkdown},
    author = {N.F. Katzke},
    organization = {Bureau for Economic Research},
    address = {Stellenbosch, South Africa},
    note = {version 0.1.2},
    year = {2017},
  }

@techreport{engle2001theoretical,
  title={Theoretical and empirical properties of dynamic conditional correlation multivariate GARCH},
  author={Engle, Robert F and Sheppard, Kevin},
  year={2001},
  institution={National Bureau of Economic Research}
}

@article{peterson2018package,
  title={Package 'PerformanceAnalytics'},
  author={Peterson, Brian G and Carl, Peter and Boudt, Kris and Bennett, Ross and Ulrich, Joshua and Zivot, Eric and Cornilly, Dries and Hung, Eric and Lestel, Matthieu and Balkissoon, Kyle and others},
  journal={R Team Cooperation},
  year={2018}
}

@article{tsui1999constant,
  title={Constant conditional correlation in a bivariate GARCH model: evidence from the stock markets of China},
  author={Tsui, Albert K and Yu, Qiao},
  journal={Mathematics and Computers in Simulation},
  volume={48},
  number={4-6},
  pages={503--509},
  year={1999},
  publisher={Elsevier}
}

@article{kryzanowski2017cross,
  title={Cross-financial-market correlations and quantitative easing},
  author={Kryzanowski, Lawrence and Zhang, Jie and Zhong, Rui},
  journal={Finance Research Letters},
  volume={20},
  pages={13--21},
  year={2017},
  publisher={Elsevier}
}

@article{wu2019stock,
  title={Stock market integration in East and Southeast Asia: The role of global factors},
  author={Wu, Fei},
  journal={International Review of Financial Analysis},
  pages={101416},
  year={2019},
  publisher={Elsevier}
}

@article{badshah2018volatility,
  title={Volatility spillover from the fear index to developed and emerging markets},
  author={Badshah, Ihsan U},
  journal={Emerging Markets Finance and Trade},
  volume={54},
  number={1},
  pages={27--40},
  year={2018},
  publisher={Taylor \& Francis}
}


@article{cappiello2006asymmetric,
  title={Asymmetric dynamics in the correlations of global equity and bond returns},
  author={Cappiello, Lorenzo and Engle, Robert F and Sheppard, Kevin},
  journal={Journal of Financial econometrics},
  volume={4},
  number={4},
  pages={537--572},
  year={2006},
  publisher={Oxford University Press}
}

@article{cachanosky2019did,
  title={Why Did Inflation Targeting Fail in Argentina?},
  author={Cachanosky, Nicolas and Ferrelli Mazza, Federico Julian},
  journal={Available at SSRN},
  year={2019}
}

@article{engle2002dynamic,
  title={Dynamic conditional correlation: A simple class of multivariate generalized autoregressive conditional heteroskedasticity models},
  author={Engle, Robert},
  journal={Journal of Business \& Economic Statistics},
  volume={20},
  number={3},
  pages={339--350},
  year={2002},
  publisher={Taylor \& Francis}
}

@article{laurent2012forecasting,
  title={On the forecasting accuracy of multivariate GARCH models},
  author={Laurent, S{\'e}bastien and Rombouts, Jeroen VK and Violante, Francesco},
  journal={Journal of Applied Econometrics},
  volume={27},
  number={6},
  pages={934--955},
  year={2012},
  publisher={Wiley Online Library}
}

@article{boudt2008estimation,
  title={Estimation and decomposition of downside risk for portfolios with non-normal returns},
  author={Boudt, Kris and Peterson, Brian G and Croux, Christophe},
  journal={Journal of Risk},
  volume={11},
  number={2},
  pages={79--103},
  year={2008}
}

@article{bollerslev1990modelling,
  title={Modelling the coherence in short-run nominal exchange rates: a multivariate generalized ARCH model},
  author={Bollerslev, Tim},
  journal={The review of economics and statistics},
  pages={498--505},
  year={1990},
  publisher={JSTOR}
}


@inproceedings{grima2017effect,
  title={The Effect of the Financial Crisis on Emerging Markets. A comparative analysis of the stock market situation before and after},
  author={Grima, Simon and Caruana, Luca},
  booktitle={DIEM: Dubrovnik International Economic Meeting},
  volume={3},
  number={1},
  pages={228--254},
  year={2017},
  organization={Sveu{\v{c}}ili{\v{s}}te u Dubrovniku}
}

@article{markowitz1952portfolio,
  title={Portfolio selection},
  author={Markowitz, Harry},
  journal={The journal of finance},
  volume={7},
  number={1},
  pages={77--91},
  year={1952},
  publisher={Wiley Online Library}
}

@article{milesi2011great,
  title={The great retrenchment: international capital flows during the global financial crisis},
  author={Milesi-Ferretti, Gian-Maria and Tille, C{\'e}dric},
  journal={Economic policy},
  volume={26},
  number={66},
  pages={289--346},
  year={2011},
  publisher={Oxford University Press}
}

@book{sahay2014emerging,
  title={Emerging market volatility: Lessons from the taper tantrum},
  author={Sahay, Ms Ratna and Arora, Mr Vivek B and Arvanitis, Mr Athanasios V and Faruqee, Mr Hamid and N'Diaye, Mr Papa and Griffoli, Mr Tommaso Mancini},
  number={14-19},
  year={2014},
  publisher={International Monetary Fund}
}

@article{roni2018return,
  title={Return and Volatility Spillovers Effects: Study of Asian Emerging Stock Markets},
  author={Roni, Bhowmik and Abbas, Ghulam and Wang, Shouyang},
  journal={Journal of Systems Science and Information},
  volume={6},
  number={2},
  pages={97--119},
  publisher={De Gruyter}
}


@article{sarwarimpact,
  title={Impact of Changes in US VIX on Equity Returns of Emerging and Frontier Markets: Global Evidence},
  author={Sarwar, Ghulam and Khan, Walayet}
}


@article{fong2005international,
  title={International momentum strategies: a stochastic dominance approach},
  author={Fong, Wai Mun and Wong, Wing Keung and Lean, Hooi Hooi},
  journal={Journal of Financial Markets},
  volume={8},
  number={1},
  pages={89--109},
  year={2005},
  publisher={Elsevier}
}

@techreport{rey2015dilemma,
  title={Dilemma not trilemma: the global financial cycle and monetary policy independence},
  author={Rey, H{\'e}l{\`e}ne},
  year={2015},
  institution={National Bureau of Economic Research}
}

@article{friedrich2016dynamics,
  title={The dynamics of capital flow episodes},
  author={Friedrich, Christian and Gu{\'e}rin, Pierre},
  journal={Journal of Money, Credit and Banking},
  year={2016},
  publisher={Wiley Online Library}
}


@article{bonga2017assessing,
  title={Assessing the readiness of the BRICS grouping for mutually beneficial financial integration},
  author={Bonga-Bonga, Lumengo},
  journal={Review of Development Economics},
  volume={21},
  number={4},
  pages={e204--e219},
  year={2017},
  publisher={Wiley Online Library}
}


@techreport{viceira2018global,
  title={Global portfolio diversification for long-horizon investors},
  author={Viceira, Luis M and Wang, Zixuan Kevin},
  year={2018},
  institution={National Bureau of Economic Research}
}

@article{scott2019global,
  title={Global equity investing: the benefits of diversification and sizing your allocation},
  author={Scott, BJ and Stockton, KA and Donaldson, SJ},
  journal={Vanguard Research (February): https://www. vanguard. com/pdf/ISGGEB. pdf},
  year={2019}
}


@techreport{billio2003block,
  title={Block dynamic conditional correlation multivariate GARCH models},
  author={Billio, Monica and Caporin, Massimiliano and Gobbo, Michele},
  year={2003}
}


@article{badshah2018volatility,
  title={Volatility spillover from the fear index to developed and emerging markets},
  author={Badshah, Ihsan U},
  journal={Emerging Markets Finance and Trade},
  volume={54},
  number={1},
  pages={27--40},
  year={2018},
  publisher={Taylor \& Francis}
}


@article{hattori2018cross,
  title={Cross-stock market spillovers through variance risk premiums and equity flows},
  author={Hattori, Masazumi and Shim, Ilhyock and Sugihara, Yoshi},
  year={2018},
  publisher={BIS Working Paper}
}

@article{bhattarai2019global,
  title={Global spillover effects of US uncertainty},
  author={Bhattarai, Saroj and Chatterjee, Arpita and Park, Woong Yong},
  journal={Journal of Monetary Economics},
  year={2019},
  publisher={Elsevier}
}

@book{psalida2009spillovers,
  title={Spillovers to emerging equity markets: An econometric assessment},
  author={Psalida, L Effie},
  year={2009},
  publisher={International Monetary Fund}
}

@article{katzke2017carry,
  title={Carry and consequence: Understanding the recent resilience of emerging market currencies},
  author={Katzke, NF and Polakow, DA},
  year={2017}
}

@article{martens2001returns,
  title={Returns synchronization and daily correlation dynamics between international stock markets},
  author={Martens, Martin and Poon, Ser-Huang},
  journal={Journal of Banking \& Finance},
  volume={25},
  number={10},
  pages={1805--1827},
  year={2001},
  publisher={Elsevier}
}

@article{mensi2013correlations,
  title={Correlations and volatility spillovers across commodity and stock markets: Linking energies, food, and gold},
  author={Mensi, Walid and Beljid, Makram and Boubaker, Adel and Managi, Shunsuke},
  journal={Economic Modelling},
  volume={32},
  pages={15--22},
  year={2013},
  publisher={Elsevier}
}

@article{diebold2012better,
  title={Better to give than to receive: Predictive directional measurement of volatility spillovers},
  author={Diebold, Francis X and Yilmaz, Kamil},
  journal={International Journal of Forecasting},
  volume={28},
  number={1},
  pages={57--66},
  year={2012},
  publisher={Elsevier}
}


@article{merton1973intertemporal,
  title={An intertemporal capital asset pricing model},
  author={Merton, Robert C},
  journal={Econometrica: Journal of the Econometric Society},
  pages={867--887},
  year={1973},
  publisher={JSTOR}
}

@techreport{bekaert2003market,
  title={Market integration and contagion},
  author={Bekaert, Geert and Harvey, Campbell R},
  year={2003},
  institution={National Bureau of Economic Research}
}

@article{aloui2011global,
  title={Global financial crisis, extreme interdependences, and contagion effects: The role of economic structure?},
  author={Aloui, Riadh and Aissa, Mohamed Safouane Ben and Nguyen, Duc Khuong},
  journal={Journal of Banking \& Finance},
  volume={35},
  number={1},
  pages={130--141},
  year={2011},
  publisher={Elsevier}
}

@article{carrieri2007characterizing,
  title={Characterizing world market integration through time},
  author={Carrieri, Francesca and Errunza, Vihang and Hogan, Ked},
  journal={Journal of Financial and Quantitative Analysis},
  volume={42},
  number={4},
  pages={915--940},
  year={2007},
  publisher={Cambridge University Press}
}



